@article{ref1,
  author = {R. Ravi and Mohit Singh},
  title  = {Delegate and Conquer: An LP-Based Approximation Algorithm for Minimum Degree MSTs},
  year   = {2006},
  url    = {https://link.springer.com/chapter/10.1007/11786986_16}
}

@article{ref2,
  author = {Martin FÃ¼rer and Balaji Raghavachari},
  title  = {Approximating the Minimum Degree Spanning Tree to within One from the Optimal Degree},
  year   = {1992},
  url    = {https://www.researchgate.net/publication/220779201_Approximating_the_Minimum_Degree_Spanning_Tree_to_Within_One_from_the_Optimal_Degree}
}